@book{1,
  title={Desarrollo de componentes software para servicios de comunicaciones. IFCT0609},
  author={F. Huércano, J. Villar},
  year={2014},
  publisher={IC Editorial},
  url={http://reader.digitalbooks.pro/book/preview/38239/copyright.html?1594912747399 }
}

@book{2,
  title={The histoy of threads},
  author={B. O´Sullivan},
  year={2005}
  url={http://www.serpentine.com/blog/threads-faq/the-history-of-threads/}
}

@book{3,
  title={Hilos},
  author={Universidad de la Republica-Uruguay},
  publisher={Universidad de la Republica-Uruguay},
  url={https://www.fing.edu.uy/tecnoinf/mvd/cursos/so/material/teo/so05-hilos.pdf }
}

@book{4,
  title={Hilos},
  author={C0x66},
  url={http://code0x66.blogspot.com/2017/01/c-threads-hilos.html},
  year={2017},

}
